<collection xmlns="http://www.loc.gov/MARC21/slim">
<record>
  <leader>00750nam0a22001691i 450 </leader>
  <controlfield tag="001">IT\ICCU\CNCE\041424</controlfield>
  <controlfield tag="005">20000718000000.0</controlfield>
  <datafield tag="012" ind1=" " ind2=" ">
    <subfield code="a">s.e- vtus amum r.i- (C) 1586 (A)</subfield>
    <subfield code="2">fei</subfield>
  </datafield>
  <datafield tag="100" ind1=" " ind2=" ">
    <subfield code="a">19981125d1586        0itac0103    ba</subfield>
  </datafield>
  <datafield tag="101" ind1=" " ind2=" ">
    <subfield code="a">LAT</subfield>
  </datafield>
  <datafield tag="102" ind1=" " ind2=" ">
    <subfield code="a">IT</subfield>
  </datafield>
  <datafield tag="200" ind1="1" ind2=" ">
    <subfield code="a">℗Io. Baptistae Sacci ℗Oratio. De Laudibus Antonii Perrenotti cardinalis, ad eius funus parata, sed non habita</subfield>
  </datafield>
  <datafield tag="210" ind1=" " ind2=" ">
    <subfield code="a">S. l.</subfield>
    <subfield code="c">apud Querinum Gerardum Flandrum</subfield>
    <subfield code="d">1586</subfield>
  </datafield>
  <datafield tag="215" ind1=" " ind2=" ">
    <subfield code="a">\8! c.</subfield>
    <subfield code="c">4ʻ</subfield>
  </datafield>
  <datafield tag="300" ind1=" " ind2=" ">
    <subfield code="a">Probabile edizione spagnola: il tipografo Quirini Gerardo risulta aver stampato a Madrid ed Alcal ̉de Henares &gt; cfr. IACLA ADCAM e IMBNPBORSA lo colloca a Cremona ma non si sa per quale motivo</subfield>
  </datafield>
  <datafield tag="801" ind1=" " ind2="3">
    <subfield code="a">IT</subfield>
    <subfield code="b">ICCU</subfield>
    <subfield code="c">20201114</subfield>
  </datafield>
  <datafield tag="899" ind1=" " ind2=" ">
    <subfield code="a">Biblioteca Reale. Torino</subfield>
    <subfield code="1">TO0263</subfield>
    <subfield code="2">TO0 07</subfield>
  </datafield>
</record>
</collection>
